<record><leader>00000cas a22000007a 4500</leader><controlfield tag="001">23098008</controlfield><controlfield tag="008">910213c19209999couwr ne      0    0eng d</controlfield><datafield ind1=" " ind2=" " tag="010"><subfield code="a">sn 91052060 </subfield></datafield><datafield ind1=" " ind2=" " tag="040"><subfield code="a">CNQ</subfield><subfield code="b">eng</subfield><subfield code="c">CNQ</subfield><subfield code="d">NST</subfield><subfield code="d">OCLCQ</subfield></datafield><datafield ind1=" " ind2=" " tag="012"><subfield code="i">9211</subfield></datafield><datafield ind1=" " ind2=" " tag="042"><subfield code="a">msc</subfield></datafield><datafield ind1="0" ind2=" " tag="130"><subfield code="a">Rifle telegram (Rifle, Colo. : 1920)</subfield></datafield><datafield ind1="1" ind2="4" tag="245"><subfield code="a">The Rifle telegram.</subfield></datafield><datafield ind1="1" ind2="3" tag="246"><subfield code="a">Rifle telegram and reveille</subfield></datafield><datafield ind1="1" ind2="3" tag="246"><subfield code="a">Rifle telegram and Rifle reveille</subfield></datafield><datafield ind1="3" ind2="0" tag="246"><subfield code="a">Rifle telegram consolidation of the Rifle telegram and the Rifle reveille</subfield></datafield><datafield ind1=" " ind2=" " tag="260"><subfield code="a">Rifle, Colo. :</subfield><subfield code="b">Telegram Pub. Co.</subfield></datafield><datafield ind1=" " ind2=" " tag="300"><subfield code="a">v.</subfield></datafield><datafield ind1=" " ind2=" " tag="310"><subfield code="a">Weekly</subfield></datafield><datafield ind1="0" ind2=" " tag="362"><subfield code="a">Vol. 30, no. 18 (Sept. 2, 1920)- = v. 17, no. 33-</subfield></datafield><datafield ind1=" " ind2=" " tag="500"><subfield code="a">Published as: The Rifle telegram consolidation of the Rifle telegram and the Rifle reveille, Jan. 19, 1933.</subfield></datafield><datafield ind1=" " ind2=" " tag="515"><subfield code="a">Numbering is irregular.</subfield></datafield><datafield ind1=" " ind2=" " tag="530"><subfield code="a">Available on microfilm from the Colorado Historical Society.</subfield></datafield><datafield ind1=" " ind2=" " tag="752"><subfield code="a">United States</subfield><subfield code="b">Colorado</subfield><subfield code="c">Garfield</subfield><subfield code="d">Rifle.</subfield></datafield><datafield ind1="0" ind2="0" tag="780"><subfield code="t">Telegram-reveille</subfield><subfield code="w">(DLC)sn 91052059</subfield></datafield><datafield ind1=" " ind2=" " tag="850"><subfield code="a">CoU</subfield></datafield></record>